%% This BibTeX bibliography file was created using BibDesk.
%% http://bibdesk.sourceforge.net/


%% Created for Ade, Brian J. at 2011-09-20 09:06:41 -0400


%% Saved with string encoding Unicode (UTF-8)


@article{Smith1983Nonlinear,
	Author = {Smith, Kord S.},
	Journal = {Transactions of the American Nuclear Society},
	Pages = {265-266},
	Title = {Nodal Method Storage Reduction by Nonlinear Iteration},
	Volume = {44},
	Year = {1983}}

@phdthesis{GehinPhD,
  Author       = {Gehin, Jess C.},
  Title        = {A Quasi-Static Polynomial Nodal Method for Nuclear Reactor Analysis},
  School       = {Massachusetts Institute of Technology},
  Year         = 1992,
  Address      = {Department of Nuclear Engineering}}

@masterthesis{SmithMS,
  Author       = {Smith, Kord S.},
  Title        = {An Analytic Nodal Method for Solving the Two-Group, Multidimensional, Static and Transient Neutron Diffusion Equations},
  School       = {Massachusetts Institute of Technology},
  Year         = 1979,
  Address      = {Department of Nuclear Engineering}}

